<collection xmlns="http://www.loc.gov/MARC21/slim"><record><leader>00995nam  2200265   450</leader><controlfield tag="001">249</controlfield><controlfield tag="003">http://montalegre.opacnet.com/OPAC/default.aspx?ContentAreaControl=ShowRegHoldings.ascx&amp;RegNo=16662</controlfield><datafield tag="010" ind1=" " ind2=" "><subfield code="a">972-25-1405-9</subfield></datafield><datafield tag="021" ind1=" " ind2=" "><subfield code="a">PT</subfield><subfield code="b">218683/04</subfield></datafield><datafield tag="100" ind1=" " ind2=" "><subfield code="a">20061013d2005    e  y0pory0103    ba</subfield></datafield><datafield tag="101" ind1="1" ind2=" "><subfield code="a">por</subfield><subfield code="c">fre</subfield></datafield><datafield tag="102" ind1=" " ind2=" "><subfield code="a">PT</subfield></datafield><datafield tag="105" ind1=" " ind2=" "><subfield code="a">y   z   001yy</subfield></datafield><datafield tag="106" ind1=" " ind2=" "><subfield code="a">r</subfield></datafield><datafield tag="200" ind1="1" ind2=" "><subfield code="a">Tinha doze anos, peguei na bicicleta e fui para a escola...</subfield><subfield code="f">Sabine Dardenne</subfield><subfield code="g">colab. Marie-Thérèse Cuny</subfield><subfield code="g">trad. Nuno Down e Lorena, Irene Down e Lorena</subfield></datafield><datafield tag="210" ind1=" " ind2=" "><subfield code="a">Lisboa</subfield><subfield code="c">Bertrand</subfield><subfield code="d">2005</subfield></datafield><datafield tag="215" ind1=" " ind2=" "><subfield code="a">182, [1] p.</subfield><subfield code="d">23 cm</subfield></datafield><datafield tag="304" ind1=" " ind2=" "><subfield code="a">Tít. orig.: J'avais 12 ans j'ai pris mon vélo et je suis partie l'école</subfield></datafield><datafield tag="675" ind1=" " ind2=" "><subfield code="a">821</subfield><subfield code="v">BN</subfield><subfield code="z">por</subfield></datafield><datafield tag="700" ind1=" " ind2="1"><subfield code="a">Dardenne</subfield><subfield code="b">Sabine</subfield><subfield code="3">1228711</subfield></datafield><datafield tag="702" ind1=" " ind2="1"><subfield code="a">Cuny</subfield><subfield code="b">Marie-Thérèse</subfield><subfield code="4">205</subfield><subfield code="3">194228</subfield></datafield><datafield tag="702" ind1=" " ind2="1"><subfield code="a">Lorena</subfield><subfield code="b">Nuno Daun e</subfield><subfield code="4">730</subfield><subfield code="3">918723</subfield></datafield><datafield tag="702" ind1=" " ind2="1"><subfield code="a">Lorena</subfield><subfield code="b">Irene Daun e</subfield><subfield code="4">730</subfield><subfield code="3">918722</subfield></datafield><datafield tag="801" ind1=" " ind2="0"><subfield code="a">PT</subfield><subfield code="b">Biblioteca Municipal de Montalegre</subfield><subfield code="g">RPC</subfield></datafield><datafield tag="856" ind1=" " ind2=" "><subfield code="u">locateMedia.asp?cod=20060510160527&amp;ext=jpg</subfield><subfield code="z">CAPA</subfield></datafield><datafield tag="909" ind1="&#9;" ind2=" "><subfield code="a">1</subfield></datafield><datafield tag="966" ind1=" " ind2=" "><subfield code="a">0016144</subfield><subfield code="l">BMM</subfield><subfield code="s">SCG 821 DAR tin</subfield></datafield></record></collection>